ECSS-E-ST-10-03-C